<?xml version="1.0" encoding="UTF-8"?>
<marc:collection xmlns:marc="http://www.loc.gov/MARC21/slim" xmlns:xsi="http://www.w3.org/2001/XMLSchema-instance" xsi:schemaLocation="http://www.loc.gov/MARC21/slim http://www.loc.gov/standards/marcxml/schema/MARC21slim.xsd">
   <marc:record type="Bibliographic">
      <marc:leader>00786mam a22002411  4500</marc:leader>
      <marc:controlfield tag="001">2850975</marc:controlfield>
      <marc:controlfield tag="003">NjP</marc:controlfield>
      <marc:controlfield tag="005">20100811085049.0</marc:controlfield>
      <marc:controlfield tag="008">890301s1961    iq c     b    000 0 ara d</marc:controlfield>
      <marc:datafield tag="024" ind1="7" ind2=" ">
         <marc:subfield code="a">princeton_aco000378</marc:subfield>
         <marc:subfield code="2">local</marc:subfield>
      </marc:datafield>
      <marc:datafield tag="010" ind1=" " ind2=" ">
         <marc:subfield code="a">   68001543 </marc:subfield>
      </marc:datafield>
      <marc:datafield tag="035" ind1=" " ind2=" ">
         <marc:subfield code="a">(CStRLIN)MIUGAFS2796-B</marc:subfield>
      </marc:datafield>
      <marc:datafield tag="035" ind1=" " ind2=" ">
         <marc:subfield code="a">(MiU)notisAFS2796</marc:subfield>
      </marc:datafield>
      <marc:datafield tag="035" ind1=" " ind2=" ">
         <marc:subfield code="9">CNT6568TS</marc:subfield>
      </marc:datafield>
      <marc:datafield tag="040" ind1=" " ind2=" ">
         <marc:subfield code="c">SAZTEC</marc:subfield>
         <marc:subfield code="d">CStRLIN</marc:subfield>
         <marc:subfield code="d">NjP</marc:subfield>
      </marc:datafield>
      <marc:datafield tag="100" ind1="1" ind2=" ">
         <marc:subfield code="a">Albīr, Mahdī.</marc:subfield>
      </marc:datafield>
      <marc:datafield tag="245" ind1="1" ind2="3">
         <marc:subfield code="a">al-Kāẓimī /</marc:subfield>
         <marc:subfield code="c">taʾlīf Mahdī Albīr.</marc:subfield>
      </marc:datafield>
      <marc:datafield tag="260" ind1=" " ind2=" ">
         <marc:subfield code="a">Baghdād :</marc:subfield>
         <marc:subfield code="b">Maṭbaʻat al-Zaʻīm,</marc:subfield>
         <marc:subfield code="c">1961.</marc:subfield>
      </marc:datafield>
      <marc:datafield tag="300" ind1=" " ind2=" ">
         <marc:subfield code="a">160 p. :</marc:subfield>
         <marc:subfield code="b">port. ;</marc:subfield>
         <marc:subfield code="c">24 cm.</marc:subfield>
      </marc:datafield>
      <marc:datafield tag="504" ind1=" " ind2=" ">
         <marc:subfield code="a">Includes bibliographical references (p.154-156).</marc:subfield>
      </marc:datafield>
      <marc:datafield tag="600" ind1="1" ind2="0">
         <marc:subfield code="a">Kāẓimī, ʻAbd al-Muḥsin,</marc:subfield>
         <marc:subfield code="d">1870-1935.</marc:subfield>
      </marc:datafield>
      <marc:datafield tag="852" ind1="0" ind2=" ">
         <marc:subfield code="b">nec</marc:subfield>
         <marc:subfield code="h">PJ7842.A87</marc:subfield>
         <marc:subfield code="i">Z513 1961</marc:subfield>
         <marc:subfield code="p">3164143</marc:subfield>
         <marc:subfield code="x">reclassed from: 2271.5083.62.587</marc:subfield>
      </marc:datafield>
      <marc:datafield tag="948" ind1=" " ind2=" ">
         <marc:subfield code="a">jab/con</marc:subfield>
      </marc:datafield>
      <marc:datafield tag="911" ind1=" " ind2=" ">
         <marc:subfield code="a">20000401</marc:subfield>
      </marc:datafield>
      <marc:datafield tag="912" ind1=" " ind2=" ">
         <marc:subfield code="a">20000404035853.0</marc:subfield>
      </marc:datafield>
   </marc:record>
</marc:collection>
